<?xml version="1.0" encoding="UTF-8"?><collection xmlns="http://www.loc.gov/MARC21/slim"><record><leader>00450nam--2200157-i-4500</leader><controlfield tag="001">000010127</controlfield><controlfield tag="002">20161230</controlfield><controlfield tag="005">20170305214248</controlfield><controlfield tag="008">060222s1000------------r-----000-0-eng-d</controlfield><datafield ind1=" " ind2=" " tag="100"><subfield code="a">Carroll, Robert W</subfield></datafield><datafield ind1=" " ind2=" " tag="245"><subfield code="a">Abstract methods in partial differential equattions</subfield></datafield><datafield ind1=" " ind2=" " tag="260"><subfield code="a">New York</subfield><subfield code="b">Harper &amp; Row, Publ</subfield><subfield code="c">1969</subfield></datafield><datafield ind1=" " ind2=" " tag="300"><subfield code="a">IX + 374 p</subfield></datafield><datafield ind1=" " ind2=" " tag="490"><subfield code="a">Harper S Series In Modern Mathematics</subfield></datafield><datafield ind1=" " ind2=" " tag="852"><subfield code="a">36625</subfield><subfield code="c">517.9</subfield></datafield><datafield ind1=" " ind2=" " tag="CAT"><subfield code="a">SYS</subfield><subfield code="c">20170305</subfield><subfield code="h">214248</subfield></datafield></record></collection>